@techreport{NLTreport,
   author      = {Christina Clark and Irene Picton},
   title       = {Children, young people and digital reading},
   institution = {National Literacy Trust},
   year        = {2019},
   month       = {Apr},
   url?        = {https://cdn.literacytrust.org.uk/media/documents/Reading_digitally_-_April_2019.pdf}
}

@misc{mangaOut,
   author = {Wikipedia contributors},
   title  = {Manga outside Japan --- Wikipedia, The Free Encyclopedia},
   year   = {2023},
   url    = {https://en.wikipedia.org/w/index.php?title=Manga_outside_Japan&oldid=1136983448},
   note   = {Online; accessed 5-April-2023}
}

@misc{shooManga,
   author = {Wikipedia contributors},
   title  = {Sh≈çjo manga --- Wikipedia, The Free Encyclopedia},
   year   = {2023},
   url    = {https://en.wikipedia.org/w/index.php?title=Sh%C5%8Djo_manga&oldid=1142599312},
   note   = {Online; accessed 5-April-2023}
}

@misc{matDes,
   title = {Material Design},
   url   = {https://m3.material.io/}
}

@misc{rfc6838,
    series =    {Request for Comments},
    number =    6838,
    howpublished =  {RFC 6838},
    publisher = {RFC Editor},
    doi =       {10.17487/RFC6838},
    url =       {https://www.rfc-editor.org/info/rfc6838},
    author =    {Ned Freed and Dr. John C. Klensin and Tony Hansen},
    title =     {{Media Type Specifications and Registration Procedures}},
    pagetotal = 32,
    year =      2013,
    month =     jan,
    abstract =  {This document defines procedures for the specification and registration of media types for use in HTTP, MIME, and other Internet protocols. This memo documents an Internet Best Current Practice.},
}
