
\emph{Children, young people and digital reading}. (2019, April 30).
National Literacy Trust. Retrieved March 26, 2023, from

\emph{Manga outside Japan}. (2023, February 2). Wikipedia. Retrieved
March 26, 2023, from

\emph{Shōo manga}. (2023, March 3). Wikipedia. Retrieved March 26, 2023,
from

@techreport{NLTreport,
	author={N/A},
	title={Children, young people and digital reading},
	institution={National Literacy Trust},
	year={2019},
	month={Apr}
}

@article{mangaOut,
	author={N/A},
	title={Manga outside Japan},
	journal={Wikipedia},
	year={2023},
	month={Feb}
}

@article{shooManga,
	author={N/A},
	title={Shōo manga},
	journal={Wikipedia},
	year={2023},
	month={Mar}
}
